<record><leader>00000cas a22000007a 4500</leader><controlfield tag="001">10470032</controlfield><controlfield tag="008">840229d19711971wiuwr ne      0   a0eng d</controlfield><datafield ind1=" " ind2=" " tag="010"><subfield code="a">sn 84025855 </subfield></datafield><datafield ind1=" " ind2=" " tag="040"><subfield code="a">NPV</subfield><subfield code="b">eng</subfield><subfield code="c">NPV</subfield><subfield code="d">OCL</subfield><subfield code="d">CUS</subfield><subfield code="d">OCLCQ</subfield><subfield code="d">OCLCF</subfield><subfield code="d">OCLCO</subfield></datafield><datafield ind1=" " ind2=" " tag="042"><subfield code="a">msc</subfield></datafield><datafield ind1=" " ind2=" " tag="043"><subfield code="a">n-us-wi</subfield></datafield><datafield ind1=" " ind2=" " tag="045"><subfield code="a">x7x7</subfield></datafield><datafield ind1=" " ind2=" " tag="052"><subfield code="a">4123</subfield><subfield code="b">K4</subfield><subfield code="b">M6</subfield><subfield code="b">R2</subfield></datafield><datafield ind1="0" ind2="0" tag="245"><subfield code="a">Your greater Milwaukee star.</subfield></datafield><datafield ind1="1" ind2="7" tag="246"><subfield code="a">Greater Milwaukee star</subfield></datafield><datafield ind1=" " ind2=" " tag="260"><subfield code="a">Milwaukee, Wis. :</subfield><subfield code="b">K. Coulter,</subfield><subfield code="c">1971-1971.</subfield></datafield><datafield ind1=" " ind2=" " tag="300"><subfield code="a">1 v. :</subfield><subfield code="b">ill.</subfield></datafield><datafield ind1=" " ind2=" " tag="310"><subfield code="a">Weekly</subfield></datafield><datafield ind1="0" ind2=" " tag="362"><subfield code="a">Vol. 11, no. 26 (Nov. 6, 1971)-v. 11, no. 31 (Dec. 18, 1971).</subfield></datafield><datafield ind1=" " ind2=" " tag="500"><subfield code="a">"A voice for the people; serving Milwaukee, Racine, &amp; Kenosha."</subfield></datafield><datafield ind1=" " ind2=" " tag="521"><subfield code="a">"Black." Cf. Black periodicals and newspapers.</subfield></datafield><datafield ind1=" " ind2=" " tag="580"><subfield code="a">Issues for Nov. 6-27, 1971 include supplement titled Racine Star.</subfield></datafield><datafield ind1=" " ind2="0" tag="650"><subfield code="a">African Americans</subfield><subfield code="z">Wisconsin</subfield><subfield code="z">Milwaukee</subfield><subfield code="v">Newspapers.</subfield></datafield><datafield ind1=" " ind2="0" tag="650"><subfield code="a">African Americans</subfield><subfield code="z">Wisconsin</subfield><subfield code="z">Racine</subfield><subfield code="v">Newspapers.</subfield></datafield><datafield ind1=" " ind2="0" tag="650"><subfield code="a">African Americans</subfield><subfield code="z">Wisconsin</subfield><subfield code="z">Kenosha</subfield><subfield code="v">Newspapers.</subfield></datafield><datafield ind1=" " ind2="0" tag="651"><subfield code="a">Milwaukee (Wis.)</subfield><subfield code="v">Newspapers.</subfield></datafield><datafield ind1=" " ind2="0" tag="651"><subfield code="a">Racine (Wis.)</subfield><subfield code="v">Newspapers.</subfield></datafield><datafield ind1=" " ind2="0" tag="651"><subfield code="a">Kenosha (Wis.)</subfield><subfield code="v">Newspapers.</subfield></datafield><datafield ind1=" " ind2="7" tag="655"><subfield code="a">Newspapers.</subfield><subfield code="2">fast</subfield><subfield code="0">(OCoLC)fst01423814</subfield></datafield><datafield ind1=" " ind2="7" tag="650"><subfield code="a">African Americans.</subfield><subfield code="2">fast</subfield><subfield code="0">(OCoLC)fst00799558</subfield></datafield><datafield ind1=" " ind2="7" tag="651"><subfield code="a">Wisconsin</subfield><subfield code="z">Kenosha.</subfield><subfield code="2">fast</subfield><subfield code="0">(OCoLC)fst01203049</subfield></datafield><datafield ind1=" " ind2="7" tag="651"><subfield code="a">Wisconsin</subfield><subfield code="z">Milwaukee.</subfield><subfield code="2">fast</subfield><subfield code="0">(OCoLC)fst01206626</subfield></datafield><datafield ind1=" " ind2="7" tag="651"><subfield code="a">Wisconsin</subfield><subfield code="z">Racine.</subfield><subfield code="2">fast</subfield><subfield code="0">(OCoLC)fst01205021</subfield></datafield><datafield ind1=" " ind2=" " tag="752"><subfield code="a">United States</subfield><subfield code="b">Wisconsin</subfield><subfield code="c">Milwaukee</subfield><subfield code="d">Milwaukee.</subfield></datafield><datafield ind1=" " ind2=" " tag="752"><subfield code="a">United States</subfield><subfield code="b">Wisconsin</subfield><subfield code="c">Racine</subfield><subfield code="d">Racine.</subfield></datafield><datafield ind1=" " ind2=" " tag="752"><subfield code="a">United States</subfield><subfield code="b">Wisconsin</subfield><subfield code="c">Kenosha</subfield><subfield code="d">Kenosha.</subfield></datafield><datafield ind1="1" ind2=" " tag="770"><subfield code="t">Racine star</subfield><subfield code="w">(DLC)sn 84025859</subfield></datafield><datafield ind1="0" ind2="0" tag="780"><subfield code="t">Greater Milwaukee star</subfield><subfield code="w">(DLC)sn 84025854</subfield><subfield code="w">(OCoLC)10470035</subfield></datafield><datafield ind1="0" ind2="0" tag="785"><subfield code="t">Milwaukee star-times</subfield><subfield code="w">(DLC)sn 84025856</subfield><subfield code="w">(OCoLC)10470029</subfield></datafield></record>